<mx:record xmlns="http://www.w3.org/TR/xhtml1/strict" xmlns:mx="http://www.loc.gov/MARC21/slim" xmlns:xsi="http://www.w3.org/2001/XMLSchema-instance"><mx:leader>00000cz   2200000n  4500</mx:leader><mx:controlfield tag="001">oca01829920 </mx:controlfield><mx:controlfield tag="005">19911211092524.5</mx:controlfield><mx:controlfield tag="008">870409n| acannaab|          |a aaa |||  </mx:controlfield><mx:datafield ind1=" " ind2=" " tag="010"><mx:subfield code="a">n  86028302 </mx:subfield></mx:datafield><mx:datafield ind1=" " ind2=" " tag="040"><mx:subfield code="a">DLC</mx:subfield><mx:subfield code="c">DLC</mx:subfield><mx:subfield code="d">InU</mx:subfield></mx:datafield><mx:datafield ind1="0" ind2=" " tag="100"><mx:subfield code="a">Fulgentius,</mx:subfield><mx:subfield code="c">Saint, Bishop of Ruspa,</mx:subfield><mx:subfield code="d">468-533</mx:subfield></mx:datafield><mx:datafield ind1="1" ind2=" " tag="400"><mx:subfield code="a">Fulgentius, Fabius Claudius Gordianus,</mx:subfield><mx:subfield code="d">468-533</mx:subfield></mx:datafield><mx:datafield ind1="0" ind2=" " tag="400"><mx:subfield code="a">Fulgentius,</mx:subfield><mx:subfield code="c">Saint, bp. of Ruspa,</mx:subfield><mx:subfield code="d">468-533</mx:subfield><mx:subfield code="w">nnaa</mx:subfield></mx:datafield><mx:datafield ind1="0" ind2=" " tag="400"><mx:subfield code="a">Fulgenzio,</mx:subfield><mx:subfield code="c">Saint, Bishop of Ruspa,</mx:subfield><mx:subfield code="d">468-533</mx:subfield></mx:datafield><mx:datafield ind1="0" ind2=" " tag="400"><mx:subfield code="a">Fulgence,</mx:subfield><mx:subfield code="c">Saint, Bishop of Ruspa,</mx:subfield><mx:subfield code="d">468-533</mx:subfield></mx:datafield><mx:datafield ind1="0" ind2=" " tag="400"><mx:subfield code="a">Fulgentius,</mx:subfield><mx:subfield code="c">Saint, Bishop of Ruspe,</mx:subfield><mx:subfield code="d">468-533</mx:subfield></mx:datafield><mx:datafield ind1="0" ind2=" " tag="400"><mx:subfield code="a">Fulgentius,</mx:subfield><mx:subfield code="c">Ruspensis,</mx:subfield><mx:subfield code="d">468-533</mx:subfield></mx:datafield><mx:datafield ind1=" " ind2=" " tag="670"><mx:subfield code="a">His Salmo contro i vandali ariani, 1983:</mx:subfield><mx:subfield code="b">t.p. (Fulgenzio di Ruspe) added t.p. (Fulgentii Ruspensis) p. 11 (S. Fulgence, Fulgentius von Ruspe) p. 12 (b. Thelepte, 462) p. 16 (d. 1/1/527) p. 14 (bishop of Ruspe)</mx:subfield></mx:datafield><mx:datafield ind1=" " ind2=" " tag="670"><mx:subfield code="a">LC manual auth. cd.</mx:subfield><mx:subfield code="b">(hdg.: Fulgentius, Saint, bp. of Ruspa, 468-533)</mx:subfield></mx:datafield><mx:datafield ind1=" " ind2=" " tag="670"><mx:subfield code="a">BLC</mx:subfield><mx:subfield code="b">(Fulgentius, Saint, Bishop of Ruspa)</mx:subfield></mx:datafield><mx:datafield ind1=" " ind2=" " tag="670"><mx:subfield code="a">NUC pre-56</mx:subfield><mx:subfield code="b">(Fulgentius, Saint, Bishop of Ruspa, 468-533)</mx:subfield></mx:datafield><mx:datafield ind1=" " ind2=" " tag="670"><mx:subfield code="a">Holweck</mx:subfield><mx:subfield code="b">(Fulgentius, Fabius Claudius Gordianus; Bp. of Ruspe; b. 468; d. 1 Jan. 533)</mx:subfield></mx:datafield><mx:datafield ind1=" " ind2=" " tag="670"><mx:subfield code="a">Book of Saints</mx:subfield><mx:subfield code="b">(Fulgentius, St., Bp. of Ruspe, 468-533)</mx:subfield></mx:datafield><mx:datafield ind1=" " ind2=" " tag="999"><mx:subfield code="a">5569.6905</mx:subfield></mx:datafield></mx:record>